<?xml version="1.0" encoding="UTF-8"?><collection xmlns="http://www.loc.gov/MARC21/slim"><record><leader>00464nam--2200181-i-4500</leader><controlfield tag="001">000039063</controlfield><controlfield tag="002">20161230</controlfield><controlfield tag="005">20161230201042</controlfield><controlfield tag="008">060222s1000------------r-----000-0-eng-d</controlfield><datafield ind1=" " ind2=" " tag="040"><subfield code="a">IFIN-HH</subfield></datafield><datafield ind1=" " ind2=" " tag="080"><subfield code="a">538.9</subfield></datafield><datafield ind1="1" ind2=" " tag="100"><subfield code="a">Rickayzen,G</subfield></datafield><datafield ind1="1" ind2="0" tag="245"><subfield code="a">Green`s functions and condensed mater</subfield><subfield code="c">G. rickayzen</subfield></datafield><datafield ind1=" " ind2=" " tag="260"><subfield code="a">London</subfield><subfield code="b">Academic Press</subfield><subfield code="c">1980</subfield></datafield><datafield ind1=" " ind2=" " tag="300"><subfield code="a">X + 357 P</subfield></datafield><datafield ind1=" " ind2=" " tag="490"><subfield code="a">Techniques Of Physics</subfield></datafield><datafield ind1=" " ind2=" " tag="852"><subfield code="a">39258</subfield><subfield code="c">53</subfield></datafield><datafield ind1=" " ind2=" " tag="CAT"><subfield code="a">Sys</subfield><subfield code="c">20150316</subfield><subfield code="h">145610</subfield></datafield></record></collection>